@article{Buchanan_2000,
  title={Potential of the Internet for personality research},
  author={Buchanan, Tom},
  journal={Psychological experiments on the Internet},
  pages={121--140},
  year={2000}
}
@article{Chandler_Mueller_Paolacci_2014,
  title={Nonna{\"\i}vet{\'e} among Amazon Mechanical Turk workers: Consequences and solutions for behavioral researchers},
  author={Chandler, Jesse and Mueller, Pam and Paolacci, Gabriele},
  journal={Behavior research methods},
  volume={46},
  number={1},
  pages={112--130},
  year={2014},
  publisher={Springer}
}
@article{Charness_Gneezy_Kuhn_2013,
  title={Experimental methods: Extra-laboratory experiments-extending the reach of experimental economics},
  author={Charness, Gary and Gneezy, Uri and Kuhn, Michael A},
  journal={Journal of Economic Behavior \& Organization},
  volume={91},
  pages={93--100},
  year={2013},
  publisher={Elsevier}
}
@article{Chen_Schonger_Wickens,
  title={oTree-An Open-Source Platform for Laboratory, Online, and Field Experiments},
  author={CHEN, DANIEL L and SCHONGER, MARTIN and WICKENS, CHRIS}
}
@article{Choi_Fisman_Gale_Kariv_2007,
  title={Revealing preferences graphically: an old method gets a new tool kit},
  author={Choi, Syngjoo and Fisman, Raymond and Gale, Douglas M and Kariv, Shachar},
  journal={The American economic review},
  pages={153--158},
  year={2007},
  publisher={JSTOR}
}
@book{Cochrane_2005,
  title={Writing tips for Ph. D. students},
  author={Cochrane, John H},
  year={2005},
  publisher={University of Chicago}
}
@article{Cox_Swarthout_2005,
  title={EconPort: Creating and maintaining a knowledge commons},
  author={Cox, James C and Swarthout, J Todd},
  journal={Andrew Young School of Policy Studies Research Paper},
  number={06-38},
  year={2005}
}
@article{Farrell_Grenier_Leiby_2014,
  title={Scoundrels or Stars? Theory and Evidence on the Quality of Workers in Online Labor Markets},
  author={Farrell, Anne M and Grenier, Jonathan H and Leiby, Justin},
  journal={Theory and Evidence on the Quality of Workers in Online Labor Markets (October 4, 2014)},
  year={2014}
}
@article{Fischbacher_2007,
  title={z-Tree: Zurich toolbox for ready-made economic experiments},
  author={Fischbacher, Urs},
  journal={Experimental economics},
  volume={10},
  number={2},
  pages={171--178},
  year={2007},
  publisher={Springer}
}
@article{Friedman_Huck_Oprea_Weidenholzer_2012,
  title={From Imitation to Collusion: Long-run Learning in a Low-Information Environment},
  author={Friedman, Daniel and Huck, Steffen and Oprea, Ryan and Weidenholzer, Simon},
  year={2012}
}
@article{Friedman_Huck_Oprea_Weidenholzer_2014,
  title={From imitation to collusion: Long-run learning in a low-information environment},
  author={Friedman, Daniel and Huck, Steffen and Oprea, Ryan and Weidenholzer, Simon},
  journal={Journal of Economic Theory},
  volume={155},
  pages={185--205},
  year={2015},
  publisher={Elsevier}
}
@article{Goodman_Cryder_Cheema_2013,
  title={Data collection in a flat world: The strengths and weaknesses of Mechanical Turk samples},
  author={Goodman, Joseph K and Cryder, Cynthia E and Cheema, Amar},
  journal={Journal of Behavioral Decision Making},
  volume={26},
  number={3},
  pages={213--224},
  year={2013},
  publisher={Wiley Online Library}
}
@article{Hawkins_2014,
  title={Conducting real-time multiplayer experiments on the web},
  author={Hawkins, Robert XD},
  journal={Behavior research methods},
  pages={1--11},
  year={2014},
  publisher={Springer}
}
@inproceedings{Horton_Chilton_2010,
  title={The labor economics of paid crowdsourcing},
  author={Horton, John Joseph and Chilton, Lydia B},
  booktitle={Proceedings of the 11th ACM conference on Electronic commerce},
  pages={209--218},
  year={2010},
  organization={ACM}
}
@article{Horton_Rand_Zeckhauser_2011,
  title={The online laboratory: Conducting experiments in a real labor market},
  author={Horton, John J and Rand, David G and Zeckhauser, Richard J},
  journal={Experimental Economics},
  volume={14},
  number={3},
  pages={399--425},
  year={2011},
  publisher={Springer}
}
@article{Oppenheimer_Meyvis_Davidenko_2009,
  title={Instructional manipulation checks: Detecting satisficing to increase statistical power},
  author={Oppenheimer, Daniel M and Meyvis, Tom and Davidenko, Nicolas},
  journal={Journal of Experimental Social Psychology},
  volume={45},
  number={4},
  pages={867--872},
  year={2009},
  publisher={Elsevier}
}
@article{Oprea_Henwood_Friedman_2011,
  title={Separating the Hawks from the Doves: Evidence from continuous time laboratory games},
  author={Oprea, Ryan and Henwood, Keith and Friedman, Daniel},
  journal={Journal of Economic Theory},
  volume={146},
  number={6},
  pages={2206--2225},
  year={2011},
  publisher={Elsevier}
}
@article{Paolacci_Chandler_2014,
  title={Inside the Turk Understanding Mechanical Turk as a Participant Pool},
  author={Paolacci, Gabriele and Chandler, Jesse},
  journal={Current Directions in Psychological Science},
  volume={23},
  number={3},
  pages={184--188},
  year={2014},
  publisher={Sage Publications}
}
@article{Paolacci_Chandler_Ipeirotis_2010,
  title={Running experiments on amazon mechanical turk},
  author={Paolacci, Gabriele and Chandler, Jesse and Ipeirotis, Panagiotis G},
  journal={Judgment and Decision making},
  volume={5},
  number={5},
  pages={411--419},
  year={2010}
}
@article{Pettit_Friedman_Kephart_Oprea_2013,
  title={Software for continuous game experiments},
  author={Pettit, James and Friedman, Daniel and Kephart, Curtis and Oprea, Ryan},
  journal={Experimental Economics},
  volume={17},
  number={4},
  pages={631--648},
  year={2014},
  publisher={Springer}
}
@article{Pettit_Friedman_Kephart_Oprea_2014,
  title={Software for continuous game experiments},
  author={Pettit, James and Friedman, Daniel and Kephart, Curtis and Oprea, Ryan},
  journal={Experimental Economics},
  volume={17},
  number={4},
  pages={631--648},
  year={2014},
  publisher={Springer}
}
@techreport{Seithe_2012,
  title={Introducing the Bonn Experiment System (BoXS)},
  author={Seithe, Mirko},
  year={2012},
  institution={Bonn Econ Discussion Papers}
}
@misc{Williamson_2014,
  title={On the Ethics of Crowd-sourced Research},
  author={Williamson, Vanessa},
  year={2014}
}
