@article{buchanan2000potential,
  title={Potential of the Internet for personality research},
  author={Buchanan, Tom},
  journal={Psychological experiments on the Internet},
  pages={121--140},
  year={2000}
}
