@article{Chandler_Mueller_Paolacci_2014,
  title={Nonna{\"\i}vet{\'e} among Amazon Mechanical Turk workers: Consequences and solutions for behavioral researchers},
  author={Chandler, Jesse and Mueller, Pam and Paolacci, Gabriele},
  journal={Behavior research methods},
  volume={46},
  number={1},
  pages={112--130},
  year={2014},
  publisher={Springer}
}
