@article{Charness_Gneezy_Kuhn_2013,
  title={Experimental methods: Extra-laboratory experiments-extending the reach of experimental economics},
  author={Charness, Gary and Gneezy, Uri and Kuhn, Michael A},
  journal={Journal of Economic Behavior \& Organization},
  volume={91},
  pages={93--100},
  year={2013},
  publisher={Elsevier}
}
