@article{Chen_Schonger_Wickens,
  title={oTree-An Open-Source Platform for Laboratory, Online, and Field Experiments},
  author={CHEN, DANIEL L and SCHONGER, MARTIN and WICKENS, CHRIS}
}
