@article{Choi_Fisman_Gale_Kariv_2007,
  title={Revealing preferences graphically: an old method gets a new tool kit},
  author={Choi, Syngjoo and Fisman, Raymond and Gale, Douglas M and Kariv, Shachar},
  journal={The American economic review},
  pages={153--158},
  year={2007},
  publisher={JSTOR}
}
