@book{Cochrane_2005,
  title={Writing tips for Ph. D. students},
  author={Cochrane, John H},
  year={2005},
  publisher={University of Chicago}
}
