@article{Cox_Swarthout_2005,
  title={EconPort: Creating and maintaining a knowledge commons},
  author={Cox, James C and Swarthout, J Todd},
  journal={Andrew Young School of Policy Studies Research Paper},
  number={06-38},
  year={2005}
}
