@article{farrell2014scoundrels,
  title={Scoundrels or Stars? Theory and Evidence on the Quality of Workers in Online Labor Markets},
  author={Farrell, Anne M and Grenier, Jonathan H and Leiby, Justin},
  journal={Theory and Evidence on the Quality of Workers in Online Labor Markets (October 4, 2014)},
  year={2014}
}
