@article{Friedman_Huck_Oprea_Weidenholzer_2014,
  title={From imitation to collusion: Long-run learning in a low-information environment},
  author={Friedman, Daniel and Huck, Steffen and Oprea, Ryan and Weidenholzer, Simon},
  journal={Journal of Economic Theory},
  volume={155},
  pages={185--205},
  year={2015},
  publisher={Elsevier}
}
