@article{friedman2012imitation,
  title={From Imitation to Collusion: Long-run Learning in a Low-Information Environment},
  author={Friedman, Daniel and Huck, Steffen and Oprea, Ryan and Weidenholzer, Simon},
  year={2012}
}
