@article{goodman2013data,
  title={Data collection in a flat world: The strengths and weaknesses of Mechanical Turk samples},
  author={Goodman, Joseph K and Cryder, Cynthia E and Cheema, Amar},
  journal={Journal of Behavioral Decision Making},
  volume={26},
  number={3},
  pages={213--224},
  year={2013},
  publisher={Wiley Online Library}
}
