@incollection{Guala_2005,
author = "Francesco Guala",
title = {Inside the Laboratory}, 
booktitle = {The Methodology of Experimental Economics}, 
publisher = {Cambridge University Press}, 
year = {2005},
pages = {13--38},
isbn = {9780511614651}, 
note = {Cambridge Books Online}
}
