@unpublished{Hawkes_2011,
title= {Rawkets: An inside look at a multiplayer {HTML5} game},
author = {Rob Hawkes},
year = {2011},
note= {Google Tech Talk},
URL= {https://youtu.be/zj1qTrpuXJ8?t=25m12s},
}