@article{Hawkins_2014,
  title={Conducting real-time multiplayer experiments on the web},
  author={Hawkins, Robert XD},
  journal={Behavior research methods},
  pages={1--11},
  year={2014},
  publisher={Springer}
}
