@inproceedings{horton2010labor,
  title={The labor economics of paid crowdsourcing},
  author={Horton, John Joseph and Chilton, Lydia B},
  booktitle={Proceedings of the 11th ACM conference on Electronic commerce},
  pages={209--218},
  year={2010},
  organization={ACM}
}
