@article{horton2011online,
  title={The online laboratory: Conducting experiments in a real labor market},
  author={Horton, John J and Rand, David G and Zeckhauser, Richard J},
  journal={Experimental Economics},
  volume={14},
  number={3},
  pages={399--425},
  year={2011},
  publisher={Springer}
}
