@article{Oppenheimer_Meyvis_Davidenko_2009,
  title={Instructional manipulation checks: Detecting satisficing to increase statistical power},
  author={Oppenheimer, Daniel M and Meyvis, Tom and Davidenko, Nicolas},
  journal={Journal of Experimental Social Psychology},
  volume={45},
  number={4},
  pages={867--872},
  year={2009},
  publisher={Elsevier}
}
