@article{Oprea_Henwood_Friedman_2011,
  title={Separating the Hawks from the Doves: Evidence from continuous time laboratory games},
  author={Oprea, Ryan and Henwood, Keith and Friedman, Daniel},
  journal={Journal of Economic Theory},
  volume={146},
  number={6},
  pages={2206--2225},
  year={2011},
  publisher={Elsevier}
}
