@article{Paolacci_Chandler_Ipeirotis_2010,
  title={Running experiments on amazon mechanical turk},
  author={Paolacci, Gabriele and Chandler, Jesse and Ipeirotis, Panagiotis G},
  journal={Judgment and Decision making},
  volume={5},
  number={5},
  pages={411--419},
  year={2010}
}
