@article{paolacci2014inside,
  title={Inside the Turk Understanding Mechanical Turk as a Participant Pool},
  author={Paolacci, Gabriele and Chandler, Jesse},
  journal={Current Directions in Psychological Science},
  volume={23},
  number={3},
  pages={184--188},
  year={2014},
  publisher={Sage Publications}
}
