@article{Pettit_Friedman_Kephart_Oprea_2014,
  title={Software for continuous game experiments},
  author={Pettit, James and Friedman, Daniel and Kephart, Curtis and Oprea, Ryan},
  journal={Experimental Economics},
  volume={17},
  number={4},
  pages={631--648},
  year={2014},
  publisher={Springer}
}
