@techreport{seithe2012introducing,
  title={Introducing the Bonn Experiment System (BoXS)},
  author={Seithe, Mirko},
  year={2012},
  institution={Bonn Econ Discussion Papers}
}
