@misc{Williamson_2014,
  title={On the Ethics of Crowd-sourced Research},
  author={Williamson, Vanessa},
  year={2014}
}
